<?xml version="1.0" encoding="UTF-8"?><collection><record><leader>05912ntm a2200649 a 4500</leader><controlfield tag="001">006825704</controlfield><controlfield tag="003">MiAaHDL</controlfield><controlfield tag="005">20190719000000.0</controlfield><controlfield tag="006">m        d        </controlfield><controlfield tag="007">cr bn ---auaua</controlfield><controlfield tag="008">090626s193u    xx            00| ||ara d</controlfield><datafield tag="035" ind1=" " ind2=" "><subfield code="a">(MiU)006825704</subfield></datafield><datafield tag="035" ind1=" " ind2=" "><subfield code="a">sdr-miu006825704</subfield></datafield><datafield tag="040" ind1=" " ind2=" "><subfield code="a">MiU</subfield><subfield code="c">MiU</subfield><subfield code="e">amremm</subfield></datafield><datafield tag="043" ind1=" " ind2=" "><subfield code="a">n-us-mi</subfield></datafield><datafield tag="100" ind1="1" ind2=" "><subfield code="6">880-01</subfield><subfield code="a">Ibn Abī Jumhūr al-Aḥsāʼī, Muḥammad ibn ʻAlī,</subfield><subfield code="d">-approximately 1473.</subfield></datafield><datafield tag="240" ind1="1" ind2="0"><subfield code="6">880-02</subfield><subfield code="a">Mujlī.</subfield><subfield code="k">Selections</subfield></datafield><datafield tag="245" ind1="1" ind2="0"><subfield code="6">880-03</subfield><subfield code="a">[Kitāb al-Mujlī,</subfield><subfield code="f">193-?].</subfield></datafield><datafield tag="246" ind1="3" ind2=" "><subfield code="a">مجلي مرآة النور المنجي</subfield></datafield><datafield tag="246" ind1="3" ind2="8"><subfield code="a">تحقيق مذاهب الشيعة</subfield></datafield><datafield tag="246" ind1="3" ind2=" "><subfield code="6">880-04</subfield><subfield code="i">Title from inscription in pencil at opening (p.1):</subfield><subfield code="a">تحقيق مذاهب الشيعة</subfield></datafield><datafield tag="260" ind1=" " ind2=" "><subfield code="c">[193-?].</subfield></datafield><datafield tag="300" ind1=" " ind2=" "><subfield code="a">97 leaves :</subfield><subfield code="b">paper ;</subfield><subfield code="c">312 x 215-220 mm. bound to 321 x 225 mm.</subfield></datafield><datafield tag="500" ind1=" " ind2=" "><subfield code="a">Shelfmark: Ann Arbor, University of Michigan, Special Collections Library, Isl. Ms. 928</subfield></datafield><datafield tag="500" ind1=" " ind2=" "><subfield code="a">Origin: As appears in authorial colophon on p.193, composition completed in Mashhad in the latter part of Jumādá II 895 [May 1490]. Lacks dated scribal colophon, though likely copied in Egypt in the late 1930s and eventually bound for James Heyworth-Dunne (d.1974).</subfield></datafield><datafield tag="500" ind1=" " ind2=" "><subfield code="a">Former shelfmark: Mich. Isl. Ms. temp. no. 77</subfield></datafield><datafield tag="500" ind1=" " ind2=" "><subfield code="a">Binding: Boards covered in dark green cloth with dark green leather over spine (quarter binding) ; pastedowns and flyleaves in wove paper printed with a floral vegetal pattern in green ; spine gold-stamped with title and decorative accents over raised bands "تحقيق | مذاهب الشيعة | للطاهر الخلي | J.H.D." ; sewing difficult to examine ; stuck-on endbands (blue and white stripe) ; overall in fairly good condition.</subfield></datafield><datafield tag="500" ind1=" " ind2=" "><subfield code="a">Support: Wove paper of a few different types, lined and unlined.</subfield></datafield><datafield tag="500" ind1=" " ind2=" "><subfield code="a">Script: Ruqʻah ; quick, compact hand in a medium line ; serifless and freely ligatured with mainly closed counters, slight effect of inclination to the right and of words descending to baseline, pointing somewhat careless and in strokes rather than distinct dots, final yāʼ usually unpointed.</subfield></datafield><datafield tag="500" ind1=" " ind2=" "><subfield code="a">Layout: Written mainly in 24-27 lines per page.</subfield></datafield><datafield tag="500" ind1=" " ind2=" "><subfield code="a">Collation: Pagination in pencil, Western numerals, supplied during digitization.</subfield></datafield><datafield tag="500" ind1=" " ind2=" "><subfield code="a">Colophon: "Authorial," reads "وقد فرغت من تسويده في اواخر شهر جمادى الاخرى احد شهور سنة خمس وتسعين وثمانمائة بالمشهد العلوي..."</subfield></datafield><datafield tag="500" ind1=" " ind2=" "><subfield code="a">Explicit: "خاتمة الكتاب المسطاب الذي هو ثمرة الالباب ولباب اللباب وفصل الخطاب ثم اني اختم كتابي فاقول اعلم ايدك الله ونفعك بما تعلم وتعمل ... وقد فرغت من تسويده في اواخر شهر جمادى الاخرى احد شهور سنة خمس وتسعين وثمانمائة بالمشهد العلوي ... انك بالاجابة جدير وعلى كل شيء قدير"</subfield></datafield><datafield tag="500" ind1=" " ind2=" "><subfield code="a">Incipit: "ثم تمثل بقول الاعشي اشتان ما يومي على كورها ويوم حيان اخي جابر فيا عجبا بينا هو يستقيلها في حياته اذ عقدها لآخر بعد وفاته لشد ما تشطرا ضرعيها فصيرها في حوزة خشناء يغلط كلهما ويخشن مسها ..."</subfield></datafield><datafield tag="500" ind1=" " ind2=" "><subfield code="a">Title supplied by cataloguer.</subfield></datafield><datafield tag="500" ind1=" " ind2=" "><subfield code="a">Ms. codex.</subfield></datafield><datafield tag="510" ind1="4" ind2=" "><subfield code="a">Muḥammad ibn ʻAlī ibn Abī Jumhūr al-Aḥsāʼī. Mujlī mirʼāt al-munjī fī al-kalām wa-al-ḥikmatayn wa-al-taṣawwuf. Reprint of lithograph edition by Aḥmad al-Shīrāzī, introduction and indices by Sabine Schmidtke. Tihrān, 2008.</subfield></datafield><datafield tag="510" ind1="4" ind2=" "><subfield code="a">Madelung, W. "Ibn ABĪ ḎJ̲UMHŪR al-AḤSĀʾĪ, Muḥammad b. ʿAlī b. Ibrāhīm b. Ḥasan b. Ibrāhīm b. Ḥasan al-Had̲j̲arī." in EI2, vol. XII, p.380, col.1</subfield></datafield><datafield tag="510" ind1="4" ind2=" "><subfield code="a">Āghā Buzurg al-Ṭihrānī. al-Dharīʻah ilá taṣānīf al-Shīʻah, no.1726 vol.20 p.13</subfield></datafield><datafield tag="510" ind1="4" ind2=" "><subfield code="a">Brockelmann, C. GAL, S II 272</subfield></datafield><datafield tag="520" ind1="8" ind2=" "><subfield code="a">Careful though acephalous copy (seemingly completing the text which appears in Isl. Ms. 921) of what appears to be Ibn Abī Jumhūr's (d. after 1499) Kitāb al-Mujlī or Mujlī mirʼāt al-Nūr al-munjī, a supercommentary upon his own kalām work, Maslak al-afhām fī ʻilm al-kalām and its commentary, al-Nūr al-munjī min al-ẓalām. Compare close (pp.192-193) with pp.584-585 in the 2008 reprint of Aḥmad al-Shīrāzī's lithograph edition.</subfield></datafield><datafield tag="538" ind1=" " ind2=" "><subfield code="a">Mode of access: Internet.</subfield></datafield><datafield tag="541" ind1=" " ind2=" "><subfield code="a">Acquired in the Fall of 1950.</subfield></datafield><datafield tag="546" ind1=" " ind2=" "><subfield code="a">Arabic.</subfield></datafield><datafield tag="561" ind1=" " ind2=" "><subfield code="a">On upper pastedown label with ex libris of James Heyworth-Dunne (d.1974), stamped with inventory number, "Ex Libris | J. Heyworth-Dunne | D. Lit. (London) | No 7969" ; UM Library inscription on 'title page' (p.3) "Dunning | Heyworth-Dunne | 6-11-51 | 71955" ; possible former inventory mark in pencil on verso of final leaf (p.194) "231 / 53" ; marginal glosses.</subfield></datafield><datafield tag="600" ind1="1" ind2="0"><subfield code="a">Ibn Abī Jumhūr al-Aḥsāʼī, Muḥammad ibn ʻAlī,</subfield><subfield code="d">d. ca. 1473.</subfield><subfield code="t">Nūr al-munjī min al-ẓalām.</subfield></datafield><datafield tag="650" ind1=" " ind2="0"><subfield code="a">Manuscripts, Arabic</subfield><subfield code="z">Michigan</subfield><subfield code="z">Ann Arbor.</subfield></datafield><datafield tag="650" ind1=" " ind2="0"><subfield code="a">Sufism</subfield><subfield code="v">Early works to 1800.</subfield></datafield><datafield tag="650" ind1=" " ind2="0"><subfield code="a">Islamic philosophy</subfield><subfield code="v">Early works to 1800.</subfield></datafield><datafield tag="650" ind1=" " ind2="0"><subfield code="a">Shīʻah</subfield><subfield code="x">Doctrines</subfield><subfield code="v">Early works to 1800.</subfield></datafield><datafield tag="650" ind1=" " ind2="0"><subfield code="a">Islam</subfield><subfield code="x">Doctrines</subfield><subfield code="v">Early works to 1800.</subfield></datafield><datafield tag="700" ind1="1" ind2=" "><subfield code="a">Heyworth-Dunne, J.</subfield><subfield code="q">(James),</subfield><subfield code="e">former owner.</subfield></datafield><datafield tag="773" ind1="0" ind2=" "><subfield code="a">Heyworth-Dunne Collection.</subfield></datafield><datafield tag="880" ind1="3" ind2=" "><subfield code="6">246-04/</subfield><subfield code="a">Taḥqīq madhāhib al-Shīʻah</subfield></datafield><datafield tag="880" ind1="1" ind2="0"><subfield code="6">245-03/</subfield><subfield code="a">[كتاب المجلي،</subfield><subfield code="f">193-م?].</subfield></datafield><datafield tag="880" ind1="1" ind2="0"><subfield code="6">240-02/</subfield><subfield code="a">مجلي.</subfield><subfield code="k">مختارات</subfield></datafield><datafield tag="880" ind1="1" ind2=" "><subfield code="6">100-01/</subfield><subfield code="a">ابن ابي جمهور الاحسائي، محمد بن علي.</subfield></datafield><datafield tag="CID" ind1=" " ind2=" "><subfield code="a">006825704</subfield></datafield><datafield tag="DAT" ind1="0" ind2=" "><subfield code="a">20190719102640.0</subfield><subfield code="b">20190719000000.0</subfield></datafield><datafield tag="DAT" ind1="1" ind2=" "><subfield code="a">20190719090653.0</subfield><subfield code="b">2019-07-19T16:11:03Z</subfield></datafield><datafield tag="DAT" ind1="2" ind2=" "><subfield code="a">2015-10-02T18:00:03Z</subfield></datafield><datafield tag="CAT" ind1=" " ind2=" "><subfield code="a">SDR-MIU</subfield><subfield code="d">EX LIBRIS - ALEPH</subfield><subfield code="l">prepare.pl-004-008</subfield></datafield><datafield tag="FMT" ind1=" " ind2=" "><subfield code="a">BK</subfield></datafield><datafield tag="HOL" ind1=" " ind2=" "><subfield code="0">sdr-miu006825704</subfield><subfield code="a">MiU</subfield><subfield code="b">SDR</subfield><subfield code="c">MIU</subfield><subfield code="p">mdp.39015079131093</subfield><subfield code="s">MIU</subfield><subfield code="1">006825704</subfield></datafield><datafield tag="974" ind1=" " ind2=" "><subfield code="b">MIU</subfield><subfield code="c">MIU</subfield><subfield code="d">20190719</subfield><subfield code="s">lit-dlps-dc</subfield><subfield code="u">mdp.39015079131093</subfield><subfield code="y">1939</subfield><subfield code="r">ic-world</subfield><subfield code="q">man</subfield></datafield></record></collection>